@article{pebesma2001gstat,
  title={Gstat user’s manual},
  author={Pebesma, Edzer J},
  journal={Dept. of Physical Geography, Utrecht University, Utrecht, The Netherlands},
  year={2001}
}

@book{shiryaev1980,
  title={Вероятность},
  author={Ширяев, А.Н.},
  lccn={81126942},
  year={1980},
  publisher={Наука},
  language = {russian}
}

@article{MINGOTI2008,
   title = {{A note on robust and non-robust variogram estimators}},
   journal = {{Rem: Revista Escola de Minas}},
   author={Mingoti, Sueli Aparecida AND Rosa, Gilmar},
   ISSN = {0370-4467},
   language = {en},
   volume = {61},
   year = {2008},
   month = {03},
   pages = {87 - 95},
   publisher = {scielo}
 }

@book{geostat2010,
	Author = {Савельева, Е.А. AND Демьянов, В.В.},
	Publisher = {Ин-т проблем безопасного развития атомной энергетики РАН. – М.: Наука},
	Title = {Геостатистика: теория и практика},
	Year = {2010},
	language = {russian}
}


@incollection{dutter,
	year={1996},
	isbn={978-0-387-94660-3},
	booktitle={Robust Statistics, Data Analysis, and Computer Intensive Methods},
	volume={109},
	series={Lecture Notes in Statistics},
	editor={Rieder, Helmut},
	doi={10.1007/978-1-4612-2380-1_10},
	title={On Robust Estimation of Variograms in Geostatistics},
	publisher={Springer New York},
	keywords={Geostatistics; estimation of the variogram; simulation; robustness; 86A32; 62G35; 62H11; 65C05},
	author={Dutter, Rudolf},
	pages={153-171},
	language={English}
}

@book{cressie1993statistics,
  title={Statistics for spatial data},
  author={Cressie, Noel AC and Cassie, Noel A},
  volume={900},
  year={1993},
  publisher={Wiley New York}
}

@book{matheron1980,
	Author = {Матерон, Ж.},
	Publisher = {М.: Мир},
	Title = {Основы прикладной геостатистики},
	Year = {1968},
	language = {russian}
}

@book{saveliev2012,
	Author = {Савельев, А.А. AND Мухарамова, С.С. AND Пилюгин, А.Г. AND Чижикова, Н.А.},
	Publisher = {Казанский университет},
	Title = {Геостатистический анализ данных в экологии и природопользовании (с применением пакета R)},
	Year = {2012},
	language = {russian}
}

@book{cressie1993statistics,
	Author = {Cressie, Noel AC and Cassie, Noel A},
	Publisher = {Wiley New York},
	Title = {Statistics for spatial data},
	Volume = {900},
	Year = {1993}
}

@book{cressie2011statistics,
	Author = {Cressie, Noel and Wikle, Christopher K},
	Publisher = {John Wiley & Sons},
	Title = {Statistics for spatio-temporal data},
	Year = {2011}
}

@article{GeoStCompar1998,
	Author = {Zquiza, Eulogio Pardo-igu},
	Journal = {Int. J. Climatol},
	Pages = {1031--1047},
	Title = {Comparison of geostatistical methods for estimating the areal average climatological rainfall mean using data on precipitation and topography},
	Volume = {18},
	Year = {1998}
}

@article{GeoStCompar1987,
	Abstract = {For regional aquifer modeling it is often necessary to produce maps of the distribution of the transmissivity in the aquifer, for example, as initial input for the calibration phase of the model, either by automatic or by trial and error procedures. Such estimations must be based on all possible information available in the field; in many instances, direct transmissivity measurements from pumping tests are scarce, whereas indirect estimations based on specific capacity data are more numerous. It is, however, possible to use jointly both types of data when a geostatistical estimation technique is used. Four such methods will be compared here: (1) kriging combined with linear regression, (2) cokriging, (3) kriging with an external drift, and (4) kriging with a guess field. This comparison is made both on a set of real field data and on a theoretical case, where the ``true'' solution is known.},
	Author = {Ahmed, Shakeel and De Marsily, Ghislain},
	Doi = {10.1029/WR023i009p01717},
	Issn = {1944-7973},
	Journal = {Water Resources Research},
	Number = {9},
	Pages = {1717--1737},
	Title = {Comparison of geostatistical methods for estimating transmissivity using data on transmissivity and specific capacity},
	Volume = {23},
	Year = {1987}
}

@article{Kabacoff2009R,
	Author = {Robert Kabacoff},
	Title = {{R in Action}},
	Year = {2009}}

@book{Chang2012RGraph,
	Author = {Chang, Winston},
	Publisher = {" O'Reilly Media, Inc."},
	Title = {R graphics cookbook},
	Year = {2012}
}

@mastersthesis{Chokshi2006,
	Author = {Mira, Chokshi},
	School = {Massachusetts Institute of Technology, Dept. of Civil and Environmental Engineering},
	Title = {Temperature analysis for lake {Yojoa}, {Honduras}},
	Year = {2006}
}

@article{ALCANTARA2011,
	Author = {Alc{\^a}ntara, Enner Herenio de AND Stech, Jos{\'e} Luiz AND Lorenzzetti, Jo{\~a}o Ant{\^o}nio AND Novo, Evlyn M{\'a}rcia Le{\~a}o de Moraes},
	Issn = {2179-975X},
	Journal = {{Acta Limnologica Brasiliensia}},
	Language = {en},
	Month = {09},
	Pages = {245 - 259},
	Publisher = {scielo},
	Title = {{Time series analysis of water surface temperature and heat flux components in the Itumbiara Reservoir (GO), Brazil}},
	Volume = {23},
	Year = {2011}
}

@article{tsekhavaya-brest,
	Author = {Цеховая, Т.В.},
	Journal = {Вестник БрГУ им. А.С. Пушкина},
	Title = {Первые два момента оценки вариограммы гауссовского случайного процесса},
	Year = {2005},
	language = {russian}
}

@book{brillinjer-ts,
	Author = {Бриллинджер, Д.},
	Publisher = {Мир},
	Title = {Временные ряды. Обработка данных и теория},
	Year = {1980},
	language = {russian}
}

@book{trush-ts,
	Author = {Труш, Н.Н.},
	Publisher = {Белгосуниверситет},
	Title = {Асимптотические методы статистического анализа временных рядов},
	Year = {1999},
	language = {russian}
}

@book{Bulmer1979Principles,
	Author = {M. G. Bulmer},
	Howpublished = {Paperback},
	Isbn = {0486637603},
	Publisher = {Dover Publications},
	Title = {Principles of Statistics},
	Year = {1979}
}

@book{Cramer1997,
	Author = {Cramer, Duncan},
	Owner = {solis},
	Publisher = {Psychology Press},
	Timestamp = {2013.12.03},
	Title = {Basic statistics for social research: step-by-step calculations andcomputer techniques using Minitab},
	Year = {1997}
}

@article{Dickey1979Distribution,
	Author = {David A. Dickey and Wayne A. Fuller},
	Journal = {Journal of the American Statistical Association},
	Number = {366},
	Pages = {427--431},
	Publisher = {American Statistical Association},
	Title = {Distribution of the Estimators for Autoregressive Time Series With a Unit Root},
	Volume = {74},
	Year = {1979}
}

@article{grubbs,
	At = {2008-04-20 23:54:37},
	Author = {Grubbs, Frank E.},
	Journal = {Technometrics},
	Keywords = {statistics},
	Number = {1},
	Pages = {1--21},
	Priority = {2},
	Timestamp = {2009-06-02T18:51:39.000+0200},
	Title = {Procedures for Detecting Outlying Observations in Samples},
	Volume = {11},
	Year = {1969}
}

@article{Grubbs1950Sample,
	Author = {F. E. Grubbs},
	Journal = {Ann. Math. Statistics},
	Pages = {27--58},
	Title = {Sample criteria for testing outlying observations},
	Volume = {21},
	Year = {1950}
}

@article{Katz2011,
	Doi = {10.1371/journal.pone.0014688},
	Journal = {PLoS ONE},
	Month = {02},
	Number = {2},
	Pages = {e14688},
	Publisher = {Public Library of Science},
	Timestamp = {2013.12.03},
	Title = {Influence of Long-Distance Climate Teleconnection on Seasonality of Water Temperature in the World's Largest Lake - Lake {Baikal}, {Siberia}},
	Volume = {6},
	Year = {2011}
}

@article{OBrien2012a,
	Author = {O'Brien, T.P. AND Taylor, W.W. AND Briggs, A.S. AND Roseman, E.F.},
	Issn = {0380-1330},
	Journal = {Journal of Great Lakes Research},
	Keywords = {Rainbow smelt, Larval fish, Growth, Survival, Temperature, Lake Huron},
	Month = {dec},
	Number = {4},
	Owner = {solis},
	Pages = {776--785},
	Timestamp = {2013.12.03},
	Title = {Influence of water temperature on rainbow smelt spawning and earlylife history dynamics in St. Martin Bay, Lake Huron},
	Volume = {38},
	Year = {2012}
}

@article{Rousseeuw1999Bagplot,
	Author = {Peter J. Rousseeuw and Ida Ruts and John W. Tukey},
	Journal = {The American Statistician},
	Number = {4},
	Pages = {382--387},
	Publisher = {American Statistical Association},
	Title = {The Bagplot: A Bivariate Boxplot},
	Volume = {53},
	Year = {1999}
}

@article{Shapiro1972,
	__Markedentry = {[solis:6]},
	Author = {Shapiro, S. S. and Francia, R. S.},
	Doi = {10.1080/01621459.1972.10481232},
	Journal = {Journal of the American Statistical Association},
	Number = {337},
	Owner = {solis},
	Pages = {215-216},
	Timestamp = {2013.12.18},
	Title = {An Approximate Analysis of Variance Test for Normality},
	Volume = {67},
	Year = {1972}
}

@article{ShapiroWilk1965,
	At = {2009-05-09T18:54:01.000+0200},
	Author = {Shapiro, S. S. and Wilk, M. B.},
	Description = {test normality},
	Journal = {Biometrika},
	Keywords = {gof normal},
	Month = {Dec.},
	Number = {3/4},
	Owner = {jq},
	Pages = {591--611},
	Timestamp = {2009-05-09T18:54:01.000+0200},
	Title = {An Analysis of Variance Test for Normality (Complete Samples)},
	Volume = {52},
	Year = {1965}
}

@book{Shumway2006Time,
	Author = {Robert H. Shumway and David S. Stoffer},
	Edition = {2nd},
	Howpublished = {Hardcover},
	Isbn = {0387293175},
	Publisher = {Springer},
	Title = {Time Series Analysis and Its Applications: With R Examples (Springer Texts in Statistics)},
	Year = {2006}}

@article{Sturges1926Choice,
	Author = {H. A. Sturges},
	Journal = {American Statistical Association},
	Pages = {65--66},
	Title = {The choice of a class interval},
	Volume = {21},
	Year = {1926}}

@article{Subehi2011,
	Author = {Subehi, L. and Fakhrudin, M,},
	Journal = {Journal of Ecology and the Natural Environment},
	Month = {March},
	Owner = {solis},
	Pages = {72-77},
	Timestamp = {2013.12.19},
	Title = {Preliminary study of the changes in water temperature at pond Cibuntu},
	Volume = {3(3)},
	Year = {2011}}

@book{Teetor2011RCook,
	Author = {Paul Teetor},
	Edition = {1},
	Howpublished = {Paperback},
	Isbn = {0596809158},
	Month = {2011},
	Publisher = {O'Reilly Media},
	Title = {R Cookbook (O'Reilly Cookbooks)},
	Year = {2011}}

@book{Gmurman2003,
	Author = {Гмурман, В.Е.},
	Owner = {solis},
	Publisher = {Москва : Высшая школа},
	Timestamp = {2013.12.03},
	Title = {Теория вероятностей и математическая статистика.},
	Year = {2003},
	language = {russian}}

@book{Eliseeva1995,
	Author = {Елисеева, И.И., Юзбашев, М.М.},
	Owner = {solis},
	Publisher = {Москва : Финансы и статистика},
	Timestamp = {2013.12.03},
	Title = {Общая теория статистики.},
	Year = {1995},
	language = {russian}}

@book{Kobzar2006,
	Author = {Кобзарь, А.И.},
	Owner = {solis},
	Publisher = {М.: Физматлит},
	Timestamp = {2013.12.17},
	Title = {Прикладная математическая статистика.},
	Year = {2006},
	language = {russian}}

@book{Mikulik2002,
	Author = {Микулик, Н.А., Метельский, А.В.},
	Owner = {solis},
	Publisher = {Минск : Пион},
	Timestamp = {2013.12.03},
	Title = {Теория вероятностей и математическая статистика: Учеб. пособие.},
	Year = {2002},
	language = {russian}}

@book{Eddows1997,
	Author = {Эддоус М., Стэнсфилд Р.},
	Owner = {solis},
	Publisher = {Москва : Аудит},
	Timestamp = {2013.12.03},
	Title = {Методы принятия решений},
	Year = {1997},
	language = {russian}}
